
@Article{brown:96,
  author = 	 {A.W. Brown and K. C. Wallnau},
  title = 	 {A Framework for Evaluating Software Technology},
  journal = 	 {IEEE Software},
  year = 	 1996,
  volume = 	 13,
  number = 	 5,
  pages = 	 {39-49},
  month = 	 {September}}

@inproceedings{goadrich2011smart,
  title={Smart smartphone development: IOS versus Android},
  author={Goadrich, Mark and Rogers, Michael},
  booktitle={Proceedings of the 42nd ACM technical symposium on Computer science education},
  pages={607--612},
  year={2011}
}

@misc{springboot2023,
  key = "Spring Boot",
  title = "Spring Boot",
  howpublished = "\url{https://spring.io/projects/spring-boot}",
  year = 2023,
  note = "Accessed: 2023-11-24"
}

@misc{RabbitamqpSpec,
  title = {AMQP Version 0-9-1 Specification},
  howpublished = {\url{https://www.rabbitmq.com/resources/specs/amqp0-9-1.pdf}},
  note = {Accessed: 2023-11-25},
  year = 2023
}

@misc{lucidchart2023,
  author = {{Lucidchart}},
  title = {Process Flow Diagrams},
  year = {2023},
  url = {https://www.lucidchart.com/pages/process-flow-diagrams},
  note = {Accessed: 2023-11-25}
}

@misc{visualparadigm2023,
  author = {{Visual Paradigm}},
  title = {What is Use Case Diagram?},
  year = {2023},
  url = {https://www.visual-paradigm.com/guide/uml-unified-modeling-language/what-is-use-case-diagram/},
  note = {Accessed: 2023-11-25}
}

@misc{stack2018domain,
  author = {Nuri Ensing},
  title = {What is a domain model? - Stack Overflow},
  year = {2018},
  howpublished = {\url{https://stackoverflow.com/questions/1863537/what-is-a-domain-model}},
  note = {Answered Nov 30, 2018 at 14:39, Accessed: 2023-11-25}
}

@article{sandeshMVC2018,
  author = {Sandesh},
  title = {MVC Design Pattern},
  journal = {Medium},
  year = {2018},
  url = {https://medium.com/@sandesh__30_/mvc-design-pattern-ff40d66990e3},
  note = {Accessed: 2023-11-25}
}

@misc{harvardEA2023,
  author = {{Harvard University - Enterprise Architecture}},
  title = {Domains},
  year = {2023},
  url = {https://enterprisearchitecture.harvard.edu/domains},
  note = {Accessed: 2023-11-25}
}

@misc{firebase2023,
  title = {Firebase},
  howpublished = {\url{https://firebase.google.com/}},
  year = {2023},
  note = {Accessed: 2023-11-25}
}

@misc{tailwindcss2023,
  title = {Tailwind CSS},
  howpublished = {\url{https://tailwindcss.com/}},
  year = {2023},
  note = {Accessed: 2023-11-25}
}

@misc{hibernate2023,
  title = {Hibernate},
  howpublished = {\url{https://hibernate.org/}},
  year = {2023},
  note = {Accessed: 2023-11-25}
}

@misc{rabbitmq2023,
  title = {RabbitMQ},
  howpublished = {\url{https://www.rabbitmq.com/}},
  year = {2023},
  note = {Accessed: 2023-11-25}
}

@misc{javatpointJPA2023,
  title = {JPA Introduction - JavaTpoint},
  howpublished = {\url{https://www.javatpoint.com/jpa-introduction}},
  year = {2023},
  note = {Accessed: 2023-11-25}
}

@article{Fielding2002,
  title={Principled design of the modern web architecture},
  author={Fielding, R.T. and Taylor, R.N.},
  journal={ACM Transactions on Internet Technology (TOIT)},
  volume={2},
  number={2},
  pages={115--150},
  year={2002},
  publisher={ACM},
  doi={10.1145/337180.337228},
  url={https://doi.org/10.1145/337180.337228}
}

@incollection{Dragoni2017,
  title={Microservices: Yesterday, Today, and Tomorrow},
  author={Dragoni, N. and Giallorenzo, S. and Lafuente, A. and Mazzara, M. and Montesi, F. and Mustafin, R.},
  booktitle={Present and Ulterior Software Engineering},
  pages={195--216},
  year={2017},
  publisher={Springer}
}

@book{Tutorialspoint2020,
  title={MVC Framework Tutorial},
  author={{Tutorialspoint}},
  year={2020},
  month={Jan},
  publisher={Tutorialspoint},
  note={Available online},
  url={https://www.tutorialspoint.com/mvc_framework/mvc_framework_tutorial.pdf}
}

@manual{JavaEETutorial2014,
  title={Java Platform, Enterprise Edition: The Java EE Tutorial},
  organization={Release 7},
  year={2014},
  month={Sep},
  note={E39031-01}
}
